


@misc{ ubuassistant:repo,
    author = "Daniel Santidrián Alonso",
    title = "Repositorio de {UBUassistant} en {GitHub}",
    year = "2017",
    url = {https://github.com/DanielSantidrian/UBUassistant},
    note = "[Internet; Accedido 02-mayo-2017]"
}


@misc{ SAMI:project,
author = {{CAMACHO JARA}, Shanir Majayra},
booktitle = {Revista de investigaci{\'{o}}n de Sistemas e Inform{\'{a}}tica},
file = {:C$\backslash$:/Users/dansa/Downloads/4524-15152-1-PB.pdf:pdf},
number = {4},
pages = {20--28},
title = {{Un Sofbot de Charla Desarrollado con T{\'{e}}cnicas de Razonamiento basado en Casos}},
url = {http://revistasinvestigacion.unmsm.edu.pe/index.php/sistem/article/view/4524/3604},
volume = {3},
year = {2006}
}

@misc{ ChatBot:project,
title = {{A chat bot using CBR (case based reasoning) techniques.}},
url = {https://github.com/agkphysics/ChatBot},
note = "Accedido el 2017-05-07"
}
@article{rev:invest,
abstract = {Resumen—El objeto de este trabajo es el estudio de los sistemas llamados chatbots, sus limitaciones actuales y sus posibilidades de mejora. En particular aquellas basadas en la interpretaci{\'{o}}n pragm{\'{a}}tica del discurso o contexto. Se proponen una serie de algoritmos tendientes a mejorar un chatbot existente: ALICE utilizando el algoritmo RAP (Resolution of Anaphora Procedure) y una red neuronal artificial. Palabras Clave—Resolution of Anaphora Procedure (RAP), AIML, chatbot, ALICE, Perceptron, SOM, Kohone, PLN. I. INTRODUCCI{\'{O}}N El tema de este trabajo de investigaci{\'{o}}n son los programas (software) llamados com{\'{u}}nmente chatbots. Estos son algoritmos de computadora, que utilizan procesamiento de lenguaje natural (NLP: Natural Language Processing) en un sistema de preguntas y respuestas (QA systems: question-answering systems.) Estos sistemas han sido definidos tambi{\'{e}}n como sistemas expertos que usan razonamiento basado en casos (CBR: case base reasoning) [19]. El ideal perseguido detr{\'{a}}s de estos sistemas es que puedan "comportarse" de forma indistinguible de un ser humano, donde en este caso "comportarse" significa que puedan dar respuestas satisfactorias a un interlocutor humano tal y como lo har{\'{i}}a una persona durante un dialogo. Hoy en d{\'{i}}a los chatbots existentes est{\'{a}}n lejos de lograr este cometido aunque existen sistemas que han dado respuestas suficientemente satisfactorias como para enga{\~{n}}ar a un interlocutor humano al menos durante unos instantes, ejemplos de estos di{\'{a}}logos pueden verse en [11]; en este trabajo se analizar{\'{a}}n en detalles los sistemas ALICE y ELIZA. El inter{\'{e}}s detr{\'{a}}s del ideal de funcionamiento de un chatbot va desde lo filos{\'{o}}fico, hasta lo pragm{\'{a}}tico, el matem{\'{a}}tico brit{\'{a}}nico Alan Turing sostuvo en [18] que un chatbot capaz de pasar cierta prueba, hoy conocida como Test de Turing era un fuerte indicio de que las maquinas pod{\'{i}}an pensar. Por otro lado el creador de AIML sostiene en [19] que un sistema capaz de comunicarse mediante el dialogo con un ser humano podr{\'{i}}a convertirse en un nuevo tipo de interfaz de usuario, en donde el usuario dejar{\'{i}}a de utilizar comandos, ventanas, iconos, etc. para simplemente indicarle al sistema lo que quiere hacer de forma meramente coloquial. A pesar de las obvias limitaciones de los chatbots actuales muchos son utilizados comercialmente de forma m{\'{a}}s o menos exitosa, son utilizados como agentes autom{\'{a}}ticos en videojuegos, asistentes de mesa de ayuda virtual o "amigos virtuales" en redes de mensajer{\'{i}}a (se pueden ver ejemplos concretos en la secci{\'{o}}n II.B.4) Finalmente cabe destacar que el problema del correcto funcionamiento de los chatbots se enmarca dentro de la problem{\'{a}}tica del procesamiento del lenguaje natural, la cual es una de las {\'{a}}reas m{\'{a}}s complejas dentro de los llamados sistemas inteligentes.},
author = {Rodr{\'{i}}guez, Juan Manuel and Merlino, Hern{\'{a}}n and Fern{\'{a}}ndez, Enrique},
file = {:C$\backslash$:/Users/dansa/AppData/Local/Mendeley Ltd./Mendeley Desktop/Downloaded/Rodr{\'{i}}guez, Merlino, Fern{\'{a}}ndez - 2014 - Comportamiento Adaptable de Chatbots Dependiente del Contexto.pdf:pdf},
number = {2},
pages = {115--136},
title = {{Comportamiento Adaptable de Chatbots Dependiente del Contexto}},
url = {http://sistemas.unla.edu.ar/sistemas/gisi/papers/relais-v2-n2-115-136.pdf},
volume = {2},
year = {2014}
}

@misc{jsp:form,
title = {{JSP procesamiento de formularios}},
url = {http://www.w3ii.com/es/jsp/jsp{\_}form{\_}processing.html},
note = "Accedido el 2017-05-07"
}
@misc{jsp:arq,
title = {{JSP arquitectura}},
url = {http://www.w3ii.com/es/jsp/jsp{\_}architecture.html},
note = "Accedido el 2017-05-07"
}
@misc{jsp:wiki,
title = {{JavaServer Pages - Wikipedia, la enciclopedia libre}},
url = {https://es.wikipedia.org/wiki/JavaServer{\_}Pages},
note = "Accedido el 2017-05-06"
}
@misc{jsp:tut,
title = {{JSP Tutorial}},
url = {https://www.tutorialspoint.com/jsp/},
note = "Accedido el 2017-05-06"
}
@misc{swing:tut,
title = {{Trail: Creating a GUI With JFC/Swing (The Java™ Tutorials)}},
url = {http://docs.oracle.com/javase/tutorial/uiswing/},
note = "Accedido el 2017-05-06"
}
@article{cbr:art,
abstract = {Basado en el trabajo de [Aamodt {\&} Plaza], [Kolodner], [Mitra {\&} Basak], [Watson] {\'{o}}$\backslash$r$\backslash$n[Sankar {\&} Simon], entre otros, este trabajo pretende ser una s{\'{i}}ntesis del apasionante$\backslash$r$\backslash$ntema del Razonamiento Basado en casos, permitiendo al lector tener una visi{\'{o}}n general$\backslash$r$\backslash$ndel mismo a la par que cierta profundizaci{\'{o}}n en aspectos clave. Adem{\'{a}}s, se proporciona$\backslash$r$\backslash$nun ejemplo propio, empleando la herramienta ReMind.},
author = {Lozano, Laura and Fern{\'{a}}ndez, Javier},
file = {:C$\backslash$:/Users/dansa/Desktop/TFG/Razonamiento basado en casos.pdf:pdf},
pages = {1--59},
title = {{Razonamiento Basado en Casos:“Una Visi{\'{o}}n General”}},
url = {http://www.infor.uva.es/{~}calonso/IAI/TrabajoAlumnos/Razonamiento basado en casos.pdf},
year = {2008}
}
@article{jsp:tut2,
author = {Mestras, Juan Pav{\'{o}}n},
file = {:C$\backslash$:/Users/dansa/AppData/Local/Mendeley Ltd./Mendeley Desktop/Downloaded/Mestras, Servlets, Servlet - Unknown - Aplicaciones WebSistemas Web.pdf:pdf},
title = {{Aplicaciones Web/Sistemas Web}},
url = {https://www.fdi.ucm.es/profesor/jpavon/web/44-jsp.pdf}
}
@book{colibri:tut,
author = {Recio-Garc{\'{i}}a, Juan a and D{\'{i}}az-Agudo, Bel{\'{e}}n and Gonz{\'{a}}lez-Calero, Pedro},
booktitle = {Tutorial},
file = {:C$\backslash$:/Users/dansa/Desktop/TFG/tutorial.pdf:pdf},
isbn = {9788469162040},
pages = {1--110},
title = {{jCOLIBRI2 Tutorial}},
year = {2008}
}
@misc{mvc:wiki,
title = {{Modelo–vista–controlador - Wikipedia, la enciclopedia libre}},
url = {https://es.wikipedia.org/wiki/Modelo–vista–controlador},
note = "Accedido el 2017-05-05"
}
@misc{mysql:wiki,
title = {{MySQL - Wikipedia, la enciclopedia libre}},
url = {https://es.wikipedia.org/wiki/MySQL},
note = "Accedido el 2017-05-06"
}
@misc{tomcat:wiki,
title = {{Tomcat - Wikipedia, la enciclopedia libre}},
url = {https://es.wikipedia.org/wiki/Tomcat},
note = "Accedido el 2017-05-06"
}
@misc{mende:wiki,
title = {{Mendeley - Wikipedia, la enciclopedia libre}},
url = {https://es.wikipedia.org/wiki/Mendeley},
note = "Accedido el 2017-05-06"
}
@misc{colibri:studio,
title = {{COLIBRI Studio | GAIA – Group of Artificial Intelligence Applications}},
url = {http://gaia.fdi.ucm.es/research/colibri/colibristudio},
note = "Accedido el 2017-05-06"
}
@misc{colibri:frame,
title = {{jCOLIBRI | GAIA – Group of Artificial Intelligence Applications}},
url = {http://gaia.fdi.ucm.es/research/colibri/jcolibri},
note = "Accedido el 2017-05-06"
}
@misc{selenium:wiki,
title = {{Selenium - Wikipedia, la enciclopedia libre}},
url = {https://es.wikipedia.org/wiki/Selenium},
note = "Accedido el 2017-05-06"
}
@misc{junit:wiki,
title = {{JUnit - Wikipedia, la enciclopedia libre}},
url = {https://es.wikipedia.org/wiki/JUnit},
note = "Accedido el 2017-05-06"
}
@misc{maven:wiki,
title = {{Maven - Wikipedia, la enciclopedia libre}},
url = {https://es.wikipedia.org/wiki/Maven},
note = "Accedido el 2017-05-06"
}
@misc{refacit:source,
title = {{Refactorit download | SourceForge.net}},
url = {https://sourceforge.net/projects/refactorit/},
note = "Accedido el 2017-05-06"
}
@misc{eclemma:info,
title = {{EclEmma - Java Code Coverage for Eclipse}},
url = {http://www.eclemma.org/},
note = "Accedido el 2017-05-06"
}
@misc{eclipse:info,
title = {{Eclipse (software) - Wikipedia, la enciclopedia libre}},
url = {https://es.wikipedia.org/wiki/Eclipse{\_}(software)},
note = "Accedido el 2017-05-06"
}
@misc{latex:wiki,
title = {{LaTeX - Wikipedia, la enciclopedia libre}},
url = {https://es.wikipedia.org/wiki/LaTeX},
note = "Accedido el 2017-05-06"
}
@misc{github:wiki,
title = {{GitHub - Wikipedia, la enciclopedia libre}},
url = {https://es.wikipedia.org/wiki/GitHub},
note = "Accedido el 2017-05-06"
}
@misc{git:wiki,
title = {{Git - Wikipedia, la enciclopedia libre}},
url = {https://es.wikipedia.org/wiki/Git},
note = "Accedido el 2017-05-06"
}
@misc{,
title = {{DraGnET software architecture. The DraGnET web applicat | Open-i}},
url = {https://openi.nlm.nih.gov/detailedresult.php?img=PMC3098051{\_}1471-2105-11-100-2{\&}req=4},
note = "Accedido el 2017-05-05"
}
@misc{scrum:info,
title = {{Introducci{\'{o}}n — Scrum 1 documentation}},
url = {http://metodologiascrum.readthedocs.io/en/latest/Scrum.html},
note = "Accedido el 2017-05-05"
}
@misc{xp:wiki,
title = {{Programaci{\'{o}}n extrema - Wikipedia, la enciclopedia libre}},
url = {https://es.wikipedia.org/wiki/Programaci{\'{o}}n{\_}extrema},
note = "Accedido el 2017-05-05"
}
@misc{scrum:info2,
title = {{What is Scrum?}},
url = {https://www.scrum.org/resources/what-is-scrum},
note = "Accedido el 2017-05-05"
}
@misc{hibe:info,
title = {{Hibernate ORM - Hibernate ORM}},
url = {http://hibernate.org/orm/},
note = "Accedido el 2017-05-05"
}
@misc{wiki:cbr,
title = {{Razonamiento basado en casos - Wikipedia, la enciclopedia libre}},
url = {https://es.wikipedia.org/wiki/Razonamiento{\_}basado{\_}en{\_}casos},
note = "Accedido el 2017-05-05"
}
@book{mvc:info,
address = {Burgos},
author = {{Rodrigo Manj{\'{o}}n Mart{\'{i}}n}, Carlos L{\'{o}}pez Nozal.},
file = {:D$\backslash$:/Informatica/4{\textordmasculine} Curso/1 Semestre/Dise{\~{n}}o y Mantenimiento del Software/Teor{\'{i}}a/DISMAN{\_}0{\_}Introduccion.pdf:pdf},
pages = {94},
title = {{Introduccion a los patrones de dise{\~{n}}o.pdf}},
year = {2017}
}
@misc{colibri:gen,
title = {{COLIBRI | GAIA – Group of Artificial Intelligence Applications}},
url = {http://gaia.fdi.ucm.es/research/colibri},
note = "Accedido el 2017-05-05"
}

@misc{java:wiki,
title = {{Java (lenguaje de programaci{\'{o}}n) - Wikipedia, la enciclopedia libre}},
url = {https://es.wikipedia.org/wiki/Java{\_}(lenguaje{\_}de{\_}programaci{\'{o}}n)},
note = "Accedido el 2017-05-05"
}

@misc{sel:lib,
title = {{Selenium Library}},
url = {http://www.seleniumhq.org/download/},
note = "Accedido el 2017-06-07"
}

@misc{guava:lib,
title = {{Google Core Libraries for Java}},
url = {https://github.com/google/guava},
note = "Accedido el 2017-06-07"
}

@misc{wiki:sonar,
title = {{SonarQube - Wikipedia, la enciclopedia libre}},
url = {https://es.wikipedia.org/wiki/SonarQube},
note = "Accedido el 2017-06-16"
}

