@article{ pago:irpf,
file = {:C$\backslash$:/Users/dansa/AppData/Local/Mendeley Ltd./Mendeley Desktop/Downloaded/Unknown - Unknown - RETENCIONES E INGRESOS A CUENTA DEL IRPF EN EL EJERCICIO 2017.pdf:pdf},
title = {{RETENCIONES E INGRESOS A CUENTA DEL IRPF EN EL EJERCICIO 2017}},
url = {http://www.agenciatributaria.es/static{\_}files/AEAT/Contenidos{\_}Comunes/La{\_}Agencia{\_}Tributaria/Informacion{\_}institucional/Campanias/Retenciones{\_}trabajo{\_}personal/2017/Cuadro{\_}tipo{\_}retencion{\_}2017.pdf}
}
@misc{ pago:ss,
title = {{Seguridad Social:Trabajadores}},
url = {http://www.seg-social.es/Internet{\_}1/Trabajadores/CotizacionRecaudaci10777/Regimenes/RegimenGeneraldelaS10957/InformacionGeneral/index.htm},
note = "[Accedido el 2017-06-09]"
}
@misc{ tom:server,
title = {{Servidor Tomcat, hosting tomcat, vps tomcat - ProfesionalHosting}},
url = {https://www.profesionalhosting.com/servidor-tomcat/},
note = "[Accedido el 2017-06-09]"
}
@misc{ pago:int,
title = {{Internet Banda Ancha | Servicios Hogar | Movistar}},
url = {http://www.movistar.cl/tienda/servicios-hogar/banda-ancha-hogar},
note = "[Accedido el 2017-06-09]"
}
@misc{ pago:alq,
title = {{Alquiler de oficina en avenida Vena, 3, Centro, Burgos}},
url = {https://www.idealista.com/inmueble/37186947/},
note = "[Accedido el 2017-06-09]"
}
@misc{ lic:hsql,
title = {{HyperSQL License}},
url = {http://hsqldb.org/web/hsqlLicense.html},
note = "[Accedido el 2017-06-10]"
}
@misc{ lic:antlr,
title = {{ANTLR}},
url = {http://www.antlr.org/},
note = "[Accedido el 2017-06-10]"
}
@misc{ lic:hiber,
title = {{Hibernate - Wikipedia, la enciclopedia libre}},
url = {https://es.wikipedia.org/wiki/Hibernate},
note = "[Accedido el 2017-06-10]"
}
@misc{ lic:col,
title = {{Collections – Home}},
url = {https://commons.apache.org/proper/commons-collections/},
note = "[Accedido el 2017-06-10]"
}
@misc{ lic:colog,
title = {{Apache Commons Logging - Overview}},
url = {https://commons.apache.org/proper/commons-logging/},
note = "[Accedido el 2017-06-10]"
}
@misc{ lic:dom,
title = {{Dom4j by dom4j}},
url = {https://dom4j.github.io/},
note = "[Accedido el 2017-06-10]"
}

@misc{ lic:jwa,
title = {{Maven Repository: javax » javaee-web-api » 7.0}},
url = {https://mvnrepository.com/artifact/javax/javaee-web-api/7.0},
note = "[Accedido el 2017-06-10]"
}
@misc{ lic:jpa,
title = {{Maven Repository: javax.persistence » persistence-api » 1.0.2}},
url = {https://mvnrepository.com/artifact/javax.persistence/persistence-api/1.0.2},
note = "[Accedido el 2017-06-10]"
}
@misc{ lic:mysql,
title = {{MySQL :: Download Connector/J}},
url = {https://dev.mysql.com/downloads/connector/j/},
note = "[Accedido el 2017-06-10]"
}
@book{ lic:javss,
publisher = {JBoss Community},
title = {{Javassist}},
url = {http://www.jboss.org/javassist}
}
@misc{ lic:jboss,
title = {{WildFly - Wikipedia, la enciclopedia libre}},
url = {https://es.wikipedia.org/wiki/WildFly},
note = "[Accedido el 2017-06-10]"
}
@misc{ lic:log4j,
title = {{Log4j - Wikipedia, la enciclopedia libre}},
url = {https://es.wikipedia.org/wiki/Log4j},
note = "[Accedido el 2017-06-10]"
}
@article{ lic:tipos,
abstract = {Licencia: contrato entre el desarrollador de un software sometido a propiedad intelectual y a derechos de autor y el usuario, en el cual se definen con precisi{\'{o}}n los derechos y deberes de ambas partes. Es el desarrollador, o aqu{\'{e}}l a quien {\'{e}}ste haya cedido los derechos de explotaci{\'{o}}n, quien elige la licencia seg{\'{u}}n la cual distribuye el software [2] . Patente: conjunto de derechos exclusivos garantizados por un gobierno o autoridad al inventor de un nuevo producto (material o inmaterial) susceptible de ser explotado industrialmente para el bien del solicitante por un periodo de tiempo limitado [6] . Derecho de autor o copyright: forma de protecci{\'{o}}n proporcionada por las leyes vigentes en la mayor{\'{i}}a de los pa{\'{i}}ses para los autores de obras originales incluyendo obras literarias, dram{\'{a}}ticas, musicales, art{\'{i}}sticas e intelectuales, tanto publicadas como pendientes de publicar [6] . Software libre [3] : proporciona la libertad de • Ejecutar el programa, para cualquier prop{\'{o}}sito; • Estudiar el funcionamiento del programa, y adaptarlo a sus necesidades; • Redistribuir copias; • Mejorar el programa, y poner sus mejoras a disposici{\'{o}}n del p{\'{u}}blico, para beneficio de toda la comunidad. Software de fuente abierta [2] . sus t{\'{e}}rminos de distribuci{\'{o}}n cumplen los criterios de • Distribuci{\'{o}}n libre; • Inclusi{\'{o}}n del c{\'{o}}digo fuente; • Permitir modificaciones y trabajos derivados en las mismas condiciones que el software original; • Integridad del c{\'{o}}digo fuente del autor, pudiendo requerir que los trabajos derivados tengan distinto nombre o versi{\'{o}}n; • No discriminaci{\'{o}}n a personas o grupos; • Sin uso restringido a campo de actividad; • Los derechos otorgados a un programa ser{\'{a}}n v{\'{a}}lidos para todo el software redistribuido sin imponer condiciones complementarias; • La licencia no debe ser espec{\'{i}}fica para un producto determinado; • La licencia no debe poner restricciones a otro producto que se distribuya junto con el software licenciado; • La licencia debe ser tecnol{\'{o}}gicamente neutral.},
author = {{G{\'{o}}mez Labrador}, Ram{\'{o}}n M},
file = {:C$\backslash$:/Users/dansa/AppData/Local/Mendeley Ltd./Mendeley Desktop/Downloaded/G{\'{o}}mez Labrador - Unknown - TIPOS DE LICENCIAS DE SOFTWARE.pdf:pdf},
title = {{TIPOS DE LICENCIAS DE SOFTWARE}},
url = {http://www.informatica.us.es/{~}ramon/articulos/LicenciasSoftware.pdf}
}
@article{ lic:compgnu,
title = {gnu.org},
url = {https://www.gnu.org/licenses/license-list.es.html{\#}GPLCompatibleLicenses}
}
@misc{ cc:ncsa,
title = {{Creative Commons — Reconocimiento-NoComercial-CompartirIgual 3.0 Espa{\~{n}}a — CC BY-NC-SA 3.0 ES}},
url = {https://creativecommons.org/licenses/by-nc-sa/3.0/es/},
note = "[Accedido el 2017-06-10]"
}
@misc{ img:repo,
title = {{DraGnET software architecture. The DraGnET web applicat | Open-i}},
url = {https://openi.nlm.nih.gov/detailedresult.php?img=PMC3098051{\_}1471-2105-11-100-2{\&}req=4},
note = "[Accedido el 2017-06-10]"
}
@misc{ img:scrum,
title = {{Metodolog{\'{i}}aScrum}},
url = {https://github.com/GestionScrum/MetodologiaScrum/blob/master/Scrum.rst},
note = "[Accedido el 2017-06-10]"
}
@misc{ img:jsp1,
title = {{Servlets y jsp}},
url = {https://es.slideshare.net/dtbadboy0/servlets-y-jsp},
note = "[Accedido el 2017-06-10]"
}

@misc{ img:mvc,
title = {{Modelo–vista–controlador - Wikipedia, la enciclopedia libre}},
url = {https://es.wikipedia.org/wiki/Modelo–vista–controlador},
note = "[Accedido el 2017-06-10]"
}


@misc{ img:jsp2,
title = {{JSP - Java Server Pages}},
url = {https://www.slideshare.net/shagavikrant/jsp-java-server-pages},
note = "[Accedido el 2017-06-10]"
}


@book{img:cbr,
author = {Recio-Garc{\'{i}}a, Juan a and D{\'{i}}az-Agudo, Bel{\'{e}}n and Gonz{\'{a}}lez-Calero, Pedro},
booktitle = {Tutorial},
file = {:C$\backslash$:/Users/dansa/Desktop/TFG/tutorial.pdf:pdf},
isbn = {9788469162040},
pages = {1--110},
title = {{jCOLIBRI2 Tutorial}},
year = {2008}
}

@misc{ lic:sele,
title = {{Selenium - Web Browser Automation}},
url = {http://www.seleniumhq.org/},
note = "[Accedido el 2017-06-10]"
}
@misc{ lic:junit,
title = {{JUnit - Wikipedia, la enciclopedia libre}},
url = {https://es.wikipedia.org/wiki/JUnit},
note = "[Accedido el 2017-06-10]"
}
@misc{ lic:guava,
title = {{Google Guava - Wikipedia, la enciclopedia libre.}},
url = {https://es.wikipedia.org/wiki/Google{\_}Guava},
note = "[Accedido el 2017-06-10]"
}


@misc{ pago:w10,
title = {{Windows 10 Home: actualizar o comprar - Tienda Microsoft Espa{\~{n}}a}},
url = {https://www.microsoftstore.com/store/mseea/es{\_}ES/pdp/Windows-10-Home/productID.320437800},
note = "[Accedido el 2017-06-10]"
}
@misc{ pago:office,
title = {{Compra Microsoft Office Hogar y Empresas 2016 - Tienda Microsoft Espa{\~{n}}a}},
url = {https://www.microsoftstore.com/store/mseea/es{\_}ES/pdp/Office-Hogar-y-Empresas-2016/productID.324450300?ICID=All{\_}Office{\_}ModF{\_}HB16},
note = "[Accedido el 2017-06-10]"
}
@misc{ pago:pc,
title = {{PcCom Bronze Ultra i3-6100 / 8GB / SSD 120GB +1TB / GTX1060 3gb}},
url = {https://www.pccomponentes.com/pccom-bronze-ultra-i3-6100-8gb-ssd-120gb-1tb-gtx1060-3gb},
note = "[Accedido el 2017-06-10]"
}
@misc{ lic:jcol,
title = {{jCOLIBRI | GAIA – Group of Artificial Intelligence Applications}},
url = {http://gaia.fdi.ucm.es/research/colibri/jcolibri},
note = "[Accedido el 2017-06-10]"
}

@misc{ wiki:ers,
title = {{Especificaci{\'{o}}n de requisitos de software - Wikipedia, la enciclopedia libre}},
url = {https://es.wikipedia.org/wiki/Especificaci{\'{o}}n{\_}de{\_}requisitos{\_}de{\_}software},
note = "[Accedido el 2017-06-11]"
}

@misc{mvc:wiki,
title = {{Modelo–vista–controlador - Wikipedia, la enciclopedia libre}},
url = {https://es.wikipedia.org/wiki/Modelo–vista–controlador},
note = "Accedido el 2017-05-05"
}

@book{mvc:info,
address = {Burgos},
author = {{Rodrigo Manj{\'{o}}n Mart{\'{i}}n}, Carlos L{\'{o}}pez Nozal.},
file = {:D$\backslash$:/Informatica/4{\textordmasculine} Curso/1 Semestre/Dise{\~{n}}o y Mantenimiento del Software/Teor{\'{i}}a/DISMAN{\_}0{\_}Introduccion.pdf:pdf},
pages = {94},
title = {{Introduccion a los patrones de dise{\~{n}}o.pdf}},
year = {2017}
}

@misc{jsp:arq,
title = {{JSP arquitectura}},
url = {http://www.w3ii.com/es/jsp/jsp{\_}architecture.html},
note = "Accedido el 2017-05-07"
}
@misc{jsp:wiki,
title = {{JavaServer Pages - Wikipedia, la enciclopedia libre}},
url = {https://es.wikipedia.org/wiki/JavaServer{\_}Pages},
note = "Accedido el 2017-05-06"
}


@misc{down:jdk,
title = {{Java SE Development Kit 8 - Downloads}},
url = {http://www.oracle.com/technetwork/java/javase/downloads/jdk8-downloads-2133151.html},
note = "Accedido el 2017-06-16"
}
@misc{wiki:jdk,
title = {{Java Development Kit - Wikipedia, la enciclopedia libre}},
url = {https://es.wikipedia.org/wiki/Java{\_}Development{\_}Kit},
note = "Accedido el 2017-06-16"
}
@misc{wiki:ecli,
title = {{Eclipse IDE for Java EE Developers | Packages}},
url = {http://www.eclipse.org/downloads/packages/eclipse-ide-java-ee-developers/keplerr},
note = "Accedido el 2017-06-16"
}
@misc{down:ecli,
title = {{Eclipse Downloads}},
url = {http://www.eclipse.org/downloads/eclipse-packages/},
note = "Accedido el 2017-06-16"
}
@misc{down:tomc,
title = {{Apache Tomcat{\textregistered} - Welcome!}},
url = {http://tomcat.apache.org/},
note = "Accedido el 2017-06-16"
}

@misc{wiki:tomc,
title = {{Tomcat - Wikipedia, la enciclopedia libre}},
url = {https://es.wikipedia.org/wiki/Tomcat},
note = "Accedido el 2017-06-16"
}


@misc{down:git,
title = {{Git}},
url = {https://git-scm.com/},
note = "Accedido el 2017-06-16"
}


@misc{maven:dir,
title = {{Maven – Introduction to the Standard Directory Layout}},
url = {https://maven.apache.org/guides/introduction/introduction-to-the-standard-directory-layout.html},
note = "Accedido el 2017-06-16"
}

@misc{down:sonq,
title = {{Downloads | SonarQube}},
url = {https://www.sonarqube.org/downloads/},
note = "Accedido el 2017-06-16"
}
@misc{down:sonr,
title = {{Analyzing with SonarQube Scanner - Scanners - Doc SonarQube}},
url = {https://docs.sonarqube.org/display/SCAN/Analyzing+with+SonarQube+Scanner},
note = "Accedido el 2017-06-16"
}

