
@misc{ scrum:wiki,
	author = "Wikipedia",
	title = "Scrum (desarrollo de software)",
	year = 2018,
	url = "https://es.wikipedia.org/wiki/Scrum_(desarrollo_de_software)",
	note = "[Internet; Accedido 1-junio-2018]"
}