@misc{android:data,
	title={iOS crece en España, todavía con Android muy lejos},
	author="José Alberto Lizana López",
	year="2018",
	url="https://apple5x1.com/ios-crece-espana-android-lejos/"
}

@misc{ ubuassistant:repo,
	author = "Carlos González Calatrava",
	title = "Repositorio de {UBUassistant} en {GitHub}",
	year = "2018",
	url = "https://github.com/cgc0045/TFG-UBUassistant",
	note = "[Internet; Accedido 30-mayo-2018]"
}

@misc{mvc:wiki,
	author = "Wikipedia",
	title = "Modelo Vista Controlador",
	url = "https://es.wikipedia.org/wiki/Modelo%E2%80%93vista%E2%80%93controlador",
	year = "2018",
	note = "[Internet; Accedido 30-mayo-2018]"
}

@misc{git:wiki,
	author = "Wikipedia",
	title = "Git",
	url = "https://es.wikipedia.org/wiki/Git",
	year = "2018",
	note = "[Internet; Accedido 30-mayo-2018]"
}

@misc{github:wiki,
	author = "Wikipedia",
	title = "GitHub",
	url = "https://es.wikipedia.org/wiki/GitHub",
	year = "2018",
	note = "[Internet; Accedido 30-mayo-2018]"
}

